@article{Elliott:2018,
    author = {Elliott, Conal},
    title = {The Simple Essence of Automatic Differentiation},
    journal = {Proc. ACM Program. Lang.},
    issue_date = {September 2018},
    volume = {2},
    number = {ICFP},
    month = jul,
    year = {2018},
    issn = {2475-1421},
    pages = {70:1--70:29},
    articleno = {70},
    numpages = {29},
    url = {http://doi.acm.org/10.1145/3236765},
    doi = {10.1145/3236765},
    acmid = {3236765},
    publisher = {ACM},
    address = {New York, NY, USA},
    keywords = {automatic differentiation, category theory, program calculation},
} 
@article{Elliott:2017,
    author = {Elliott, Conal},
    title = {Compiling to Categories},
    journal = {Proc. ACM Program. Lang.},
    issue_date = {September 2017},
    volume = {1},
    number = {ICFP},
    month = aug,
    year = {2017},
    issn = {2475-1421},
    pages = {27:1--27:27},
    articleno = {27},
    numpages = {27},
    url = {http://doi.acm.org/10.1145/3110271},
    doi = {10.1145/3110271},
    acmid = {3110271},
    publisher = {ACM},
    address = {New York, NY, USA},
    keywords = {category theory, compile-time optimization, domain-specific languages},
} 
@misc{LEI:2019, 
    title = {LEI_2019_Uminho}, 
    howpublished = {\url{https://github.com/Ezequiel-Moreira/LEI_2019_Uminho}}, 
    note = {Accessed: 2019-05-28} 
}
